@online {
	OrifsStanford,
	title			= {Ori File System, Stanford Website},
	howpublished	= {\url{http://ori.scs.stanford.edu/}},
	note			= {Zuletzt besucht: 01.04.2016}
}

@online {
	OrifsBitbucket,
	title			= {Ori File System, Bitbucket Wiki},
	howpublished	= {\url{https://bitbucket.org/orifs/ori/wiki/Home}},
	note			= {Zuletzt besucht: 01.04.2016}
}

@techreport{OrifsHistory,
	title = {{History, and Grafting in the Ori File System}},
     author = {Ali José Mashtizadeh, Andrea Bittau, Yifeng Frang Huang, David Mazières},
     group = {In Proceedings of the 24th Symposium on Operating Systems Principles},
     year = {2013},
     month = {11},
     institution = {Standford University},
}

@online {
	Hadoopfs,
	title			= {Apache Hadoop FileSystem},
	howpublished	= {\url{http://hadoop.apache.org/docs/current/hadoop-project-dist/hadoop-hdfs/HdfsUserGuide.html}},
	note			= {Zuletzt besucht: 01.04.2016}
}

@online {
	Glusterfs,
	title			= {GlusterFS},
	howpublished	= {\url{http://gluster.readthedocs.org/en/latest/}},
	note			= {Zuletzt besucht: 01.04.2016}
}

@online {
	repo,
	title			= {DezSys13 - Repository},
	howpublished	= {\url{https://github.com/tgm-ttaschner/DezSys-13-Verteiltes-Dateisystem-mit-OriFS-.git}},
	note			= {Zuletzt besucht: 21.04.2016}
}

@online {
	hdfs_install,
	title = {Hadoop MapReduce Next Generation - Setting up a Single Node Cluster.},
	howpublished = {\url{http://hadoop.apache.org/docs/current/hadoop-project-dist/hadoop-common/SingleCluster.html}},
	note = {Zuletzt besucht: 22.04.2016},
}

@online {
	hdfs_ug,
	title = {HDFS Users Guide},
	howpublished = {\url{http://hadoop.apache.org/docs/current/hadoop-project-dist/hadoop-hdfs/HdfsUserGuide.html}},
	note = {Zuletzt besucht: 22.04.2016}
}

@online {
	hdfs_cmd,
	title = {HDFS Commands},
	howpublished = {\url{http://hadoop.apache.org/docs/current/hadoop-project-dist/hadoop-hdfs/HDFSCommands.html}},
	note = {Zuletzt besucht: 22.04.2016}
}


@online	{
	hdfs_down,
	title = {Index of hadoop},
	howpublished = {\url{http://tweedo.com/mirror/apache/hadoop/common/current/}},
	note = {Zuletzt besucht: 22.04.2016}
}

@online	{
	comparison,
	title = {Testing of several distributed file-systems (HDFS, Ceph and GlusterFS) for supporting the HEP experiments analysis},
	howpublished = {\url{http://iopscience.iop.org/1742-6596/513/4/042014/pdf/1742-6596_513_4_042014.pdf}},
	note = {Zuletzt besucht: 22.04.2016}
}

@online	{
	glusterwiki,
	title = {GlusterFS},
	howpublished = {\url{http://en.wikipedia.org/wiki/GlusterFS}},
	note = {Zuletzt besucht: 22.04.2016}
}

@online	{
	glusterabout,
	title = {About},
	howpublished = {\url{http://www.gluster.org/documentation/About_Gluster/}},
	note = {Zuletzt besucht: 22.04.2016}
}

@online	{
	glusterserverinstall,
	title = {How to install GlusterFS with a replicated volume over 2 nodes on Ubuntu 15.10},
	howpublished = {\url{https://www.howtoforge.com/how-to-install-glusterfs-with-a-replicated-volume-over-2-nodes-on-ubuntu-15.10}},
	note = {Zuletzt besucht: 22.04.2016}
}

@online	{
	glusterclientinstall,
	title = {Accessing Data - Setting Up GlusterFS Client},
	howpublished = {\url{http://www.gluster.org/wp-content/uploads/2012/05/Gluster_File_System-3.3.0-Administration_Guide-en-US.pdf}},
	note = {Zuletzt besucht: 22.04.2016}
}